<?xml version="1.0" encoding="UTF-8" ?>
<record Numero="13913523" format="InterXMarc_Complet" type="Authority">
<leader>00467c1 au22000272  45  <Pos Code="0004">00467</Pos>
<Pos Code="05" Sens="notice modifiée">c</Pos>
<Pos Code="06" Sens="notice validée en catalogage courant">1</Pos>
<Pos Code="08" Sens="notice d&apos;autorité">a</Pos>
<Pos Code="09" Sens="titre uniforme musical (TUM)">u</Pos>
<Pos Code="10">2</Pos>
<Pos Code="11">2</Pos>
<Pos Code="1216">00027</Pos>
<Pos Code="17" Sens="autres cas">2</Pos>
<Pos Code="20">4</Pos>
<Pos Code="21">5</Pos>
</leader>
<controlfield tag="001">FRBNF139135230<Pos Code="0001">FR</Pos>
<Pos Code="0204">BNF</Pos>
<Pos Code="0512">13913523</Pos>
<Pos Code="13">0</Pos>
</controlfield>
<controlfield tag="008">890821080731yylat hy        1780    ? 1799    ?              1   <Pos Code="0001">89</Pos>
<Pos Code="0203">08</Pos>
<Pos Code="0405">21</Pos>
<Pos Code="0607">08</Pos>
<Pos Code="0809">07</Pos>
<Pos Code="1011">31</Pos>
<Pos Code="1213" Sens="ne s&apos;applique pas">yy</Pos>
<Pos Code="1416" Sens="latin">lat</Pos>
<Pos Code="1820">hy </Pos>
<Pos Code="2831">1780</Pos>
<Pos Code="36" Sens="Date incertaine">?</Pos>
<Pos Code="3841">1799</Pos>
<Pos Code="46" Sens="Date incertaine">?</Pos>
<Pos Code="61" Sens="La vedette peut être liée à une notice bibliographique sauf pour l&apos;accès matière RAMEAU">1</Pos>
</controlfield>
<datafield tag="048" ind1=" " ind2=" ">
	<subfield code="a">ca01<Pos Code="0001" Sens="choeurs - mixte (4 voix SATB)">ca</Pos>
<Pos Code="02">0</Pos>
<Pos Code="03">1</Pos>
</subfield>
	<subfield code="a">oh01<Pos Code="0001" Sens="orchestre - orchestre XVIIe-XVIIIe s.">oh</Pos>
<Pos Code="02">0</Pos>
<Pos Code="03">1</Pos>
</subfield>
</datafield>
<datafield tag="100" ind1=" " ind2=" ">
	<subfield code="3">13895053</subfield>
	<subfield code="w"> 0  b     </subfield>
	<subfield code="a">Haydn</subfield>
	<subfield code="m">Joseph</subfield>
	<subfield code="d">1732-1809</subfield>
</datafield>
<datafield tag="144" ind1="1" ind2=" ">
	<subfield code="w">....b.lat.</subfield>
	<subfield code="a">Te Deum</subfield>
	<subfield code="k">Hob XXIIIc 2</subfield>
	<subfield code="t">Do majeur</subfield>
</datafield>
<datafield tag="600" ind1=" " ind2=" ">
	<subfield code="a">Composé pour l&apos;Impératrice Marie-Thérèse entre 1780 et 1800</subfield>
</datafield>
<datafield tag="610" ind1=" " ind2=" ">
	<subfield code="a">Hoboken, Haydn</subfield>
</datafield>
<datafield tag="610" ind1=" " ind2=" ">
	<subfield code="a">RISM A/II 450.001.356</subfield>
</datafield>
<datafield tag="610" ind1=" " ind2=" ">
	<subfield code="a">Te Deum in C ... del Sigr. Haydn [Musique manuscrite] [BnF Musique, D. 5989 (2)]</subfield>
</datafield>
<datafield tag="917" ind1=" " ind2=" ">
	<subfield code="o">OPC</subfield>
	<subfield code="a">100426530</subfield>
</datafield>
<Alter Ori="13895053">
<datafield tag="400" ind1=" " ind2=" ">
	<subfield code="w">    b     </subfield>
	<subfield code="a">Haydn</subfield>
	<subfield code="m">Franz Joseph</subfield>
	<subfield code="d">1732-1809</subfield>
</datafield>
</Alter>
<Attr Nom="IDPerenne">ark:/12148/cb139135233</Attr>
<Attr Nom="NumSource">OPC 100426530</Attr>
<Attr Nom="Source" Sens="BnF catalogue général (depuis 1999)">A</Attr>
<Attr Nom="NumAutoriteLiee">13895053</Attr>
<Attr Nom="DateCreation">21/08/ 1989</Attr>
<Attr Nom="ResponsableCreation">MIGV2</Attr>
<Attr Nom="StructCreation">1</Attr>
<Attr Nom="DateDerniereValidation">08/11/ 2010</Attr>
<Attr Nom="ResponsableDerniereValidation">MIGV4</Attr>
<Attr Nom="StructPremiereValidation">1</Attr>
<Attr Nom="DatePremiereValidation">21/08/ 1989</Attr>
<Attr Nom="ResponsablePremiereValidation">MIGV2</Attr>
<Attr Nom="StructDerniereValidation">1</Attr>
<Attr Nom="NumSource">OPC 100426340</Attr>
</record>
